@article{snap,
 author = {Leskovec, Jure and Sosi\v{c}, Rok},
 title = {SNAP: A General-Purpose Network Analysis and Graph-Mining Library},
 journal = {ACM Trans. Intell. Syst. Technol.},
 issue_date = {October 2016},
 volume = {8},
 number = {1},
 month = jul,
 year = {2016},
 issn = {2157-6904},
 pages = {1:1--1:20},
 articleno = {1},
 numpages = {20},
 url = {http://doi.acm.org/10.1145/2898361},
 doi = {10.1145/2898361},
 acmid = {2898361},
 publisher = {ACM},
 address = {New York, NY, USA},
 keywords = {Networks, data mining, graph analytics, graphs, open-source software},
}

@misc{snapnets,
  author       = {Jure Leskovec and Andrej Krevl},
  title        = {{SNAP Datasets}: {Stanford} Large Network Dataset Collection},
  howpublished = {\url{http://snap.stanford.edu/data}},
  month        = jun,
  year         = 2014
}

@inproceedings{greenmarl,
 author = {Hong, Sungpack and Chafi, Hassan and Sedlar, Edic and Olukotun, Kunle},
 title = {Green-Marl: A DSL for Easy and Efficient Graph Analysis},
 booktitle = {Proceedings of the Seventeenth International Conference on Architectural Support for Programming Languages and Operating Systems},
 series = {ASPLOS XVII},
 year = {2012},
 isbn = {978-1-4503-0759-8},
 location = {London, England, UK},
 pages = {349--362},
 url = {http://doi.acm.org/10.1145/2150976.2151013},
 doi = {10.1145/2150976.2151013},
 acmid = {2151013},
 publisher = {ACM},
 address = {New York, NY, USA},
 keywords = {domain-specific language, graph, parallel programming},
} 		  



@misc{imop,
   author = {Nougrahiya, A. and Nandivada, K},
   title = {{IIT Madras OpenMP(IMOP) Framework}},
   year = {2016},
   howpublished = {\url{http://www.cse.iitm.ac.in/~amannoug/imop}},	
}

@inproceedings{tongli,
 author = {Li et al.},
 title = {{Efficient Operating System Scheduling for Performance-asymmetric Multi-core Architectures}},
 booktitle = {SC},
 year = {2007},
 isbn = {978-1-59593-764-3},
 location = {Reno, Nevada},
 pages = {53:1--53:11},
 articleno = {53},
 numpages = {11},
 url = {http://doi.acm.org/10.1145/1362622.1362694},
 doi = {10.1145/1362622.1362694},
 acmid = {1362694},
 publisher = {ACM},
} 


@inproceedings{Mihaipricopi,
 author = {Pricopi et al.},
 title = {{Power-performance Modeling on Asymmetric Multi-cores}},
 booktitle = {CASES},
 year = {2013},
 isbn = {978-1-4799-1400-5},
 location = {Montreal, Quebec, Canada},
 pages = {15:1--15:10},
 articleno = {15},
 numpages = {10},
 url = {http://dl.acm.org/citation.cfm?id=2555729.2555744},
 acmid = {2555744},
} 


@inproceedings{pie_vancraeynest,
 author = {Van Craeynest et al.},
 title = {{Scheduling Heterogeneous Multi-cores Through Performance Impact Estimation (PIE)}},
 booktitle = {ISCA},
 year = {2012},
 isbn = {978-1-4503-1642-2},
 location = {Portland, Oregon},
 pages = {213--224},
 numpages = {12},
 url = {http://dl.acm.org/citation.cfm?id=2337159.2337184},
 acmid = {2337184},
} 


@inproceedings{Becchi,
 author = {Becchi et al.},
 title = {{Dynamic Thread Assignment on Heterogeneous Multiprocessor Architectures}},
 booktitle = {CF},
 year = {2006},
 isbn = {1-59593-302-6},
 location = {Ischia, Italy},
 pages = {29--40},
 numpages = {12},
 url = {http://doi.acm.org/10.1145/1128022.1128029},
 doi = {10.1145/1128022.1128029},
 acmid = {1128029},
 publisher = {ACM},
} 


@inproceedings{biasKoufaty,
 author = {Koufaty et al.},
 title = {{Bias Scheduling in Heterogeneous Multi-core Architectures}},
 booktitle = {EuroSys},
 year = {2010},
 isbn = {978-1-60558-577-2},
 location = {Paris, France},
 pages = {125--138},
 numpages = {14},
 url = {http://doi.acm.org/10.1145/1755913.1755928},
 doi = {10.1145/1755913.1755928},
 acmid = {1755928},
 publisher = {ACM},
} 

@INPROCEEDINGS{criticalaater,
    author = {Suleman et al},
    title = {{Accelerating Critical Section Execution with Asymmetric Multi-Core Architectures}},
    booktitle = {ASPLOS},
    year = {2009}
}


@misc{hmp,
    author = "Chung et al.",
    title  = {{Heterogeneous Multi-Processing Solution of Exynos 5 Octa with ARM big.LITTLE Technology}},
    year   = "2013"
}


@inproceedings{biglittle,                                                                                                               
  added-at = {2012-06-01T00:00:00.000+0200},                                                                                              
  author = {Jeff, B.},                                                                                                                 
  biburl = {http://www.bibsonomy.org/bibtex/2666cebce4e004b5ae8bb48a9e08d3d77/dblp},                                                      
  booktitle = {DAC},                                                                                                                      
  editor = {Groeneveld, Patrick and Sciuto, Donatella and Hassoun, Soha},                                                                  
  ee = {http://doi.acm.org/10.1145/2228360.2228569},                                                                                       
  interhash = {2a094df56588520a795317074cacc5b9},                                                                                          
  intrahash = {666cebce4e004b5ae8bb48a9e08d3d77},                                                                                          
  isbn = {978-1-4503-1199-1},                                                                                                              
  keywords = {dblp},                                                                                                                       
  pages = {1143-1146},                                                                                                                     
  publisher = {ACM},                                                                                                                       
  timestamp = {2012-06-01T00:00:00.000+0200},                                                                                              
  title = {{Big.LITTLE system architecture from ARM: saving power through heterogeneous multiprocessing and task context migration.}},
  year = 2012
}



@article{openmp,
    Author = {Dagum, L. and Menon, R.},
    Date-Added = {2014-07-24 11:13:01 +0000},
    Date-Modified = {2014-07-24 11:13:01 +0000},
    Journal = {Computational Science \& Engineering, IEEE},
    Number = {1},
    Pages = {46--55},
    Publisher = {IEEE},
    Title = {{OpenMP: An industry standard API for shared-memory programming}},
    Volume = {5},
    Year = {1998}
}

@TECHREPORT {tegra,
    author      = "NVIDIA",
    title       = {{NVIDIA Tegra K1 A New Era in Mobile Computing}},
    institution = "NVIDIA",
    year        = "2014",
}



@misc{odroid,
   author = "",
   title = {{Odroid-XU3}},
   howpublished = {\url{http://www.hardkernel.com/main/products/prdt_info.php?g_code=G140448267127}}	
}

@article{rose,
  added-at = {2012-09-14T00:00:00.000+0200},
  author = {Quinlan, Daniel J.},
  journal = {Parallel Processing Letters},
  keywords = {dblp},
  number = {2/3},
  pages = {215-226},
  timestamp = {2012-09-15T11:39:13.000+0200},
  title = {ROSE: Compiler Support for Object-Oriented Frameworks.},
  url = {http://dblp.uni-trier.de/db/journals/ppl/ppl10.html},
  volume = 10,
  year = 2000
}


@inproceedings{lucky,
 author = {Petrucci, V. and Loques, O. and Moss{\'e}, D.},
 title = {Lucky Scheduling for Energy-efficient Heterogeneous Multi-core Systems},
 booktitle = {Proceedings of the 2012 USENIX Conference on Power-Aware Computing and Systems},
 series = {HotPower'12},
 year = {2012},
 location = {Hollywood, CA},
 pages = {7--7},
 numpages = {1},
 url = {http://dl.acm.org/citation.cfm?id=2387869.2387876},
 acmid = {2387876},
 publisher = {USENIX Association},
 address = {Berkeley, CA, USA},
} 



@INPROCEEDINGS{sondag,
author={T. Sondag and H. Rajan},
booktitle={2009 ICSE Workshop on Multicore Software Engineering},
title={Phase-guided thread-to-core assignment for improved utilization of performance-asymmetric multi-core processors},
year={2009},
pages={73-80},
keywords={Linux;multiprocessing systems;scheduling;Linux scheduler;application threads;performance asymmetry;performance-asymmetric multicore processors;phase-guided thread-to-core assignment;Availability;Costs;Energy consumption;Feeds;Linux;Multicore processing;Programming profession;Runtime;Throughput;Yarn},
doi={10.1109/IWMSE.2009.5071386},
month={May},
}


@inproceedings{khanandkundu,
 author = {Khan, O. and Kundu, S.},
 title = {A Self-adaptive Scheduler for Asymmetric Multi-cores},
 booktitle = {{Proceedings of the 20th Symposium on Great Lakes Symposium on VLSI}},
 series = {GLSVLSI '10},
 year = {2010},
 isbn = {978-1-4503-0012-4},
 location = {Providence, Rhode Island, USA},
 pages = {397--400},
 numpages = {4},
 url = {http://doi.acm.org/10.1145/1785481.1785573},
 doi = {10.1145/1785481.1785573},
 acmid = {1785573},
 publisher = {ACM},
 address = {New York, NY, USA},
 keywords = {modeling, power, scheduling},
}


@inproceedings{congandyuan,
 author = {Cong, J. and Yuan, B.},
 title = {Energy-efficient Scheduling on Heterogeneous Multi-core Architectures},
 booktitle = {Proceedings of the 2012 ACM/IEEE International Symposium on Low Power Electronics and Design},
 series = {ISLPED '12},
 year = {2012},
 isbn = {978-1-4503-1249-3},
 location = {Redondo Beach, California, USA},
 pages = {345--350},
 numpages = {6},
 url = {http://doi.acm.org/10.1145/2333660.2333737},
 doi = {10.1145/2333660.2333737},
 acmid = {2333737},
 publisher = {ACM},
 address = {New York, NY, USA},
 keywords = {energy efficiency, heterogeneous multi-core, scheduling},
}

@INPROCEEDINGS{performaceperwatt,
author={R. Rodrigues and A. Annamalai and I. Koren and S. Kundu and O. Khan},
booktitle={2011 International Conference on Parallel Architectures and Compilation Techniques},
title={Performance Per Watt Benefits of Dynamic Core Morphing in Asymmetric Multicores},
year={2011},
pages={121-130},
keywords={multiprocessing systems;parallel processing;asymmetric multicores;dynamic core morphing;hardware-based algorithm;multicore processors;parallel processing;performance per watt benefits;sequential processing;Art;Benchmark testing;Hardware;Instruction sets;Multicore processing;Runtime;Area-equivalent homogeneous multicore (HMG);Asymmetric Multicore Processor (AMP);Dynamic Core Morphing (DCM);Instructions per cycle (IPC)},
doi={10.1109/PACT.2011.18},
ISSN={1089-795X},
month={Oct},}


@INPROCEEDINGS{performaceperpowerannamalai,
author={A. Annamalai and R. Rodrigues and I. Koren and S. Kundu},
booktitle={Proceedings of the 22nd International Conference on Parallel Architectures and Compilation Techniques},
title={An opportunistic prediction-based thread scheduling to maximize throughput/watt in AMPs},
year={2013},
pages={63-72},
keywords={multiprocessing systems;power aware computing;processor scheduling;AMP;DVFS;asymmetric multicore processors;computational needs;dual-core high-performance AMP;dual-core low-power AMP;dynamic thread scheduling;energy efficiency improvement;fixed thread-to-core assignment;frequency levels;multiple power states;opportunistic prediction-based thread scheduling;phase change identification;thread swapping;throughput maximization;voltage levels;watt maximization;Dynamic scheduling;Estimation;Instruction sets;Message systems;Multicore processing;Radiation detectors;Throughput;Asymmetric Multicore Processor (AMP);Hardware Performance Counters (HPCs);dynamic thread scheduling;phase detection;throughput/Watt prediction},
doi={10.1109/PACT.2013.6618804},
ISSN={1089-795X},
month={Sept},}


@article{muthukaruppan2014,
 author = {Muthukaruppan, T. S. and Pathania, A. and Mitra, T.},
 title = {Price Theory Based Power Management for Heterogeneous Multi-cores},
 journal = {SIGARCH Comput. Archit. News},
 issue_date = {March 2014},
 volume = {42},
 number = {1},
 month = feb,
 year = {2014},
 issn = {0163-5964},
 pages = {161--176},
 numpages = {16},
 url = {http://doi.acm.org/10.1145/2654822.2541974},
 doi = {10.1145/2654822.2541974},
 acmid = {2541974},
 publisher = {ACM},
 address = {New York, NY, USA},
 keywords = {heterogeneous multi-core, power management, price theory},
}

@inproceedings{muthukarupan2013,
 author = {Muthukaruppan, T. S. and Pricopi, M. and Venkataramani, V. and Mitra, T. and Vishin, S.},
 title = {Hierarchical Power Management for Asymmetric Multi-core in Dark Silicon Era},
 booktitle = {Proceedings of the 50th Annual Design Automation Conference},
 series = {DAC '13},
 year = {2013},
 isbn = {978-1-4503-2071-9},
 location = {Austin, Texas},
 pages = {174:1--174:9},
 articleno = {174},
 numpages = {9},
 url = {http://doi.acm.org/10.1145/2463209.2488949},
 doi = {10.1145/2463209.2488949},
 acmid = {2488949},
 publisher = {ACM},
 address = {New York, NY, USA},
 keywords = {asymmetric multi-core, feedback controller, power management},
}

@article{staticshelepov,
 author = {Shelepov, D. and Saez Alcaide, J. C. and Jeffery, S. and Fedorova, A. and Perez, N. and Huang, Z. F. and Blagodurov, S. and Kumar, V.},
 title = {HASS: A Scheduler for Heterogeneous Multicore Systems},
 journal = {SIGOPS Oper. Syst. Rev.},
 issue_date = {April 2009},
 volume = {43},
 number = {2},
 month = apr,
 year = {2009},
 issn = {0163-5980},
 pages = {66--75},
 numpages = {10},
 url = {http://doi.acm.org/10.1145/1531793.1531804},
 doi = {10.1145/1531793.1531804},
 acmid = {1531804},
 publisher = {ACM},
 address = {New York, NY, USA},
 keywords = {architectural signatures, asymmetric, heterogeneous, multicore, scheduling},
}

@inproceedings{staticchenandjohn09,
 author = {Chen, J. and John, L. K.},
 title = {Efficient Program Scheduling for Heterogeneous Multi-core Processors},
 booktitle = {Proceedings of the 46th Annual Design Automation Conference},
 series = {DAC '09},
 year = {2009},
 isbn = {978-1-60558-497-3},
 location = {San Francisco, California},
 pages = {927--930},
 numpages = {4},
 url = {http://doi.acm.org/10.1145/1629911.1630149},
 doi = {10.1145/1629911.1630149},
 acmid = {1630149},
 publisher = {ACM},
 address = {New York, NY, USA},
 keywords = {energy-delay product, heterogeneous multi-core, program scheduling},
 }


@inproceedings{staticchenandjohn08,
 author = {Chen, J. and John, L. K.},
 title = {Energy-aware application scheduling on a heterogeneousmulti-core system},
 booktitle = {Proceedings of the International Symposium onWorkload Characterization},
 series = {IISWC '08},
 year = {2008},
 location = {Seattle},
 pages = {5--13},
 numpages = {9},
 address ={Seattle, WA, USA},
 keywords = {energy-delay product, heterogeneous multi-core, program scheduling},
 }

@inproceedings{threadmigrationcostgutierrez,
 author = {A. Gutierrez and R. G. Dreslinski and T. Mudge},
 title = {Evaluating Private vs. Shared Last-Level Caches for Energy Efficiency in Asymmetric Multi-Cores},
  booktitle = {Proceedings of the International Conference on Embedded Computer Systems: Architectures,Modeling, and Simulation},
 series = {SAMOS '14},
 year = {2014},
}

@article{heterogeneousISAdeVuyst,
 author = {DeVuyst, M. and Venkat, A. and Tullsen, D. M.},
 title = {Execution Migration in a heterogeneous-ISA Chip Multiprocessor},
 journal = {SIGPLAN Not.},
 issue_date = {April 2012},
 volume = {47},
 number = {4},
 month = mar,
 year = {2012},
 issn = {0362-1340},
 pages = {261--272},
 numpages = {12},
 url = {http://doi.acm.org/10.1145/2248487.2151004},
 doi = {10.1145/2248487.2151004},
 acmid = {2151004},
 publisher = {ACM},
 address = {New York, NY, USA},
 keywords = {heterogeneous CMP, thread migration},
} 

@inproceedings{venkatheterogeneous,
 author = {Venkat, A. and Tullsen, D. M.},
 title = {Harnessing ISA Diversity: Design of a heterogeneous-ISA Chip Multiprocessor},
 booktitle = {Proceeding of the 41st Annual International Symposium on Computer Architecuture},
 series = {ISCA '14},
 year = {2014},
 isbn = {978-1-4799-4394-4},
 location = {Minneapolis, Minnesota, USA},
 pages = {121--132},
 numpages = {12},
 url = {http://dl.acm.org/citation.cfm?id=2665671.2665692},
 acmid = {2665692},
 publisher = {IEEE Press},
 address = {Piscataway, NJ, USA},
} 

@article{energykumar,
 author = {Kumar, R. and Tullsen, D. M. and Ranganathan, P. and Jouppi, N. P. and Farkas, K. I.},
 title = {Single-ISA Heterogeneous Multi-Core Architectures for Multithreaded Workload Performance},
 journal = {SIGARCH Comput. Archit. News},
 issue_date = {March 2004},
 volume = {32},
 number = {2},
 month = mar,
 year = {2004},
 issn = {0163-5964},
 pages = {64--},
 url = {http://doi.acm.org/10.1145/1028176.1006707},
 doi = {10.1145/1028176.1006707},
 acmid = {1006707},
 publisher = {ACM},
 address = {New York, NY, USA},
}

@inproceedings{energynishtala,
 author = {Nishtala, R. and Moss{\'e}, D. and Petrucci, V.},
 title = {Energy-aware Thread Co-location in Heterogeneous Multicore Processors},
 booktitle = {Proceedings of the Eleventh ACM International Conference on Embedded Software},
 series = {EMSOFT '13},
 year = {2013},
 isbn = {978-1-4799-1443-2},
 location = {Montreal, Quebec, Canada},
 pages = {21:1--21:9},
 articleno = {21},
 numpages = {9},
 url = {http://dl.acm.org/citation.cfm?id=2555754.2555775},
 acmid = {2555775},
 publisher = {IEEE Press},
 address = {Piscataway, NJ, USA},
 keywords = {energy efficiency, heterogeneous multicore, multicore systems, shared resource contention, thread co-location},
}

@INPROCEEDINGS{energysawalha,
 author={L. Sawalha and R. D. Barnes},
 title={Energy-Efficient Phase-Aware Scheduling for Heterogeneous Multicore Processors},
 booktitle={2012 IEEE Green Technologies Conference},
 year={2012},
 pages={1-6},
 keywords={energy consumption;multi-threading;multiprocessing systems;processor scheduling;application threads;computing resources;core mapping;energy constraint;energy consumption;energy efficiency;energy reduction;energy-efficient phase-aware scheduling;heterogeneous computing cores;heterogeneous multicore processors;online scheduler;optimal application;performance constraint;phase-change;processor core;program phases;program-to-core assignment;random scheduling;Dynamic scheduling;Energy consumption;Instruction sets;Multicore processing;Processor scheduling;Schedules},
 doi={10.1109/GREEN.2012.6200965},
 ISSN={2166-546X},
 month={April},
}





@inproceedings{regressionmodelmuhl,
 author = {M\"{u}hlbauer, T. and R\"{o}diger, W. and Seilbeck, R. and Kemper, A. and Neumann, T.},
 title = {Heterogeneity-conscious Parallel Query Execution: Getting a Better Mileage While Driving Faster!},
 booktitle = {Proceedings of the Tenth International Workshop on Data Management on New Hardware},
 series = {DaMoN '14},
 year = {2014},
 isbn = {978-1-4503-2971-2},
 location = {Snowbird, Utah},
 pages = {2:1--2:10},
 articleno = {2},
 numpages = {10},
 url = {http://doi.acm.org/10.1145/2619228.2619230},
 doi = {10.1145/2619228.2619230},
 acmid = {2619230},
 publisher = {ACM},
 address = {New York, NY, USA},
 keywords = {dark silicon, energy efficiency, heterogeneous, multi-core},
}

@article{regressionsaez,
 author = {Saez, J. C. and Fedorova, A. and Koufaty, D. and Prieto, M.},
 title = {Leveraging Core Specialization via OS Scheduling to Improve Performance on Asymmetric Multicore Systems},
 journal = {ACM Trans. Comput. Syst.},
 issue_date = {April 2012},
 volume = {30},
 number = {2},
 month = apr,
 year = {2012},
 issn = {0734-2071},
 pages = {6:1--6:38},
 articleno = {6},
 numpages = {38},
 url = {http://doi.acm.org/10.1145/2166879.2166880},
 doi = {10.1145/2166879.2166880},
 acmid = {2166880},
 publisher = {ACM},
 address = {New York, NY, USA},
 keywords = {Asymmetric multicore, operating systems, scheduling},
}

@INPROCEEDINGS{regressionzhang,
author={Y. Zhang and L. Duan and B. Li and L. Peng and S. Sadagopan},
booktitle={Fifteenth International Symposium on Quality Electronic Design},
title={Energy efficient job scheduling in single-ISA heterogeneous chip-multiprocessors},
year={2014},
pages={660-666},
keywords={instruction sets;microprocessor chips;multiprocessing systems;power aware computing;processor scheduling;CMP;dynamic execution behaviors;energy efficient job scheduling;heterogeneous platforms;heterogeneous scheduler;high-performance cores;instruction-set architecture;processor heterogeneity;runtime energy consumption;runtime scheduling policy;single-ISA heterogeneous chip-multiprocessors;small power-saving cores;Energy consumption;Energy efficiency;Measurement;Optimal scheduling;Processor scheduling;Runtime;Training;energy efficiency;heterogeneous architecture;scheduling;statistical modeling},
doi={10.1109/ISQED.2014.6783390},
ISSN={1948-3287},
month={March},
}


@article{combinitorialmemti,
  author    = {S. Memeti and
                 S. Pllana},
  title     = {Combinatorial Optimization of Work Distribution on Heterogeneous Systems},
  journal   = {CoRR},
  volume    = {abs/1606.05134},
  year      = {2016},
  url       = {http://arxiv.org/abs/1606.05134},
  timestamp = {Fri, 01 Jul 2016 17:39:49 +0200},
  biburl    = {http://dblp.uni-trier.de/rec/bib/journals/corr/MemetiP16},
  bibsource = {dblp computer science bibliography, http://dblp.org}
}

@INPROCEEDINGS{washampjibaja,
author={I. Jibaja and T. Cao and S. M. Blackburn and K. S. McKinley},
booktitle={2016 IEEE/ACM International Symposium on Code Generation and Optimization (CGO)},
title={Portable performance on Asymmetric Multicore Processors},
year={2016},
pages={24-35},
keywords={multiprocessing systems;power aware computing;processor scheduling;AMP complexity;OS;WASH AMP scheduler;core sensitivity;critical path;dynamic power constraints;energy efficiency;frequency-scaled AMP hardware;load balance;nonscalable multithreaded applications;portable performance;single-ISA asymmetric multicore processors;static power constraints;thread sensitivity;Hardware;Instruction sets;Multicore processing;Runtime;Sensitivity;Asymmetric;Energy;Heterogeneous;Managed Software;Multicore;Performance;Scheduling},
month={March},}

@inproceedings{powerperformancemodelpricopi,
 author = {Pricopi, M. and Muthukaruppan, T. S. and Venkataramani, V. and Mitra, T. and Vishin, S.},
 title = {Power-performance Modeling on Asymmetric Multi-cores},
 booktitle = {Proceedings of the 2013 International Conference on Compilers, Architectures and Synthesis for Embedded Systems},
 series = {CASES '13},
 year = {2013},
 isbn = {978-1-4799-1400-5},
 location = {Montreal, Quebec, Canada},
 pages = {15:1--15:10},
 articleno = {15},
 numpages = {10},
 url = {http://dl.acm.org/citation.cfm?id=2555729.2555744},
 acmid = {2555744},
 publisher = {IEEE Press},
 address = {Piscataway, NJ, USA},
} 

@inproceedings{ces,
 author = {Jyothi Krishna V.S., Shankar Balachandran},
 title = {{Compiler Enhanced Scheduling for OpenMP for Heterogeneous Multiprocessors}},
 booktitle = {Energy Efficiency with Heterogenous Computing},
 series = {EEHCO '16},
 year = {2016},
 isbn = {978-1-4503-2138-9.},
 location = {Prague, Czech Republic},
 pages = {692:1--692:6},
 articleno = {1},
 numpages = {6},
 url = {https://www.hipeac.net/events/activities/files/7307/},
 keywords = {{Heterogeneous Computing, OpenMP, big.LITTLE}},
}

@misc{choamp,
    author = {V S, Jyothi Krishna and Balachandran, Shankar and Nasre, Rupesh},
    title  = {{CHOAMP: Cost Based Hardware Optimization
    for Asymmetric Multicore Processors}},
    year   = "2017",
    howpublished = {\url{"http://www.cse.iitm.ac.in/~jkrishna/choamp.pdf"}}
}
@inproceedings{Hong:2012:GDE:2150976.2151013,
 author = {Hong, Sungpack and Chafi, Hassan and Sedlar, Edic and Olukotun, Kunle},
 title = {Green-Marl: A DSL for Easy and Efficient Graph Analysis},
 booktitle = {Proceedings of the Seventeenth International Conference on Architectural Support for Programming Languages and Operating Systems},
 series = {ASPLOS XVII},
 year = {2012},
 isbn = {978-1-4503-0759-8},
 location = {London, England, UK},
 pages = {349--362},
 url = {http://doi.acm.org/10.1145/2150976.2151013},
 doi = {10.1145/2150976.2151013},
 acmid = {2151013},
 publisher = {ACM},
 address = {New York, NY, USA},
 keywords = {domain-specific language, graph, parallel programming},
} 
@article{Pingali:2011:TPA:1993316.1993501,
author = {Pingali, Keshav and Nguyen, Donald and Kulkarni, Milind and Burtscher,
Martin and Hassaan, M. Amber and Kaleem, Rashid and Lee, Tsung-Hsien and
Lenharth, Andrew and Manevich, Roman and M{\'e}ndez-Lojo, Mario and
Prountzos, Dimitrios and Sui, Xin},title = {{The Tao of Parallelism in Algorithms}},
journal = {SIGPLAN Not.},
issue_date = {June 2011},
volume = {46},
number = {6},
month = jun,
year = {2011},
issn = {0362-1340},
pages = {12--25},
url = {http://doi.acm.org/10.1145/1993316.1993501},
doi = {10.1145/1993316.1993501},
acmid = {1993501},
publisher = {ACM},
address = {New York, NY, USA},
keywords = {amorphous data-parallelism, galois system, irregular programs,
operator formulation, tao-analysis},
} 

@article{Prountzos:2012:ESS:2398857.2384644,author = {Prountzos, Dimitrios and Manevich, Roman and Pingali, Keshav},
title = {{Elixir: A System for Synthesizing Concurrent Graph Programs}},
journal = {SIGPLAN Not.},
issue_date = {October 2012},
volume = {47},
number = {10},
month = oct,
year = {2012},
issn = {0362-1340},
pages = {375--394},
url = {http://doi.acm.org/10.1145/2398857.2384644},
doi = {10.1145/2398857.2384644},
acmid = {2384644},
publisher = {ACM},
address = {New York, NY, USA},
keywords = {amorphous data-parallelism, compiler optimization, concurrency,
irregular programs, optimistic parallelization, parallelism, synthesis},
}
@inproceedings{Roy:2013:XEG:2517349.2522740,
 author = {Roy, Amitabha and Mihailovic, Ivo and Zwaenepoel, Willy},
 title = {X-Stream: Edge-centric Graph Processing Using Streaming Partitions},
 booktitle = {Proceedings of the Twenty-Fourth ACM Symposium on Operating Systems Principles},
 series = {SOSP '13},
 year = {2013},
 isbn = {978-1-4503-2388-8},
 location = {Farminton, Pennsylvania},
 pages = {472--488},
 url = {http://doi.acm.org/10.1145/2517349.2522740},
 doi = {10.1145/2517349.2522740},
 acmid = {2522740},
 publisher = {ACM},
 address = {New York, NY, USA},
} 

@article{Leskovec:2016:SGN:2973184.2898361,
 author = {Leskovec, Jure and Sosi\v{c}, Rok},
 title = {SNAP: A General-Purpose Network Analysis and Graph-Mining Library},
 journal = {ACM Trans. Intell. Syst. Technol.},
 issue_date = {October 2016},
 volume = {8},
 number = {1},
 month = jul,
 year = {2016},
 issn = {2157-6904},
 pages = {1:1--1:20},
 articleno = {1},
 numpages = {20},
 url = {http://doi.acm.org/10.1145/2898361},
 doi = {10.1145/2898361},
 acmid = {2898361},
 publisher = {ACM},
 address = {New York, NY, USA},
 keywords = {Networks, data mining, graph analytics, graphs, open-source software},
} 
@article{Shun:2013:LLG:2517327.2442530,
 author = {Shun, Julian and Blelloch, Guy E.},
 title = {Ligra: A Lightweight Graph Processing Framework for Shared Memory},
 journal = {SIGPLAN Not.},
 issue_date = {August 2013},
 volume = {48},
 number = {8},
 month = feb,
 year = {2013},
 issn = {0362-1340},
 pages = {135--146},
 url = {http://doi.acm.org/10.1145/2517327.2442530},
 doi = {10.1145/2517327.2442530},
 acmid = {2442530},
 publisher = {ACM},
 address = {New York, NY, USA},
 keywords = {graph algorithms, parallel programming, shared memory},
} 
@article{Zhang:2015:NGA:2858788.2688507,
 author = {Zhang, Kaiyuan and Chen, Rong and Chen, Haibo},
 title = {NUMA-aware Graph-structured Analytics},
 journal = {SIGPLAN Not.},
 issue_date = {August 2015},
 volume = {50},
 number = {8},
 month = jan,
 year = {2015},
 issn = {0362-1340},
 pages = {183--193},
 url = {http://doi.acm.org/10.1145/2858788.2688507},
 doi = {10.1145/2858788.2688507},
 acmid = {2688507},
 publisher = {ACM},
 address = {New York, NY, USA},
 keywords = {Graph-structured Analytics, Non-uniform Memory Access (NUMA)},
} 

@article{Merrill:2012:SGG:2370036.2145832,
 author = {Merrill, Duane and Garland, Michael and Grimshaw, Andrew},
 title = {Scalable GPU Graph Traversal},
 journal = {SIGPLAN Not.},
 issue_date = {August 2012},
 volume = {47},
 number = {8},
 month = feb,
 year = {2012},
 issn = {0362-1340},
 pages = {117--128},
 url = {http://doi.acm.org/10.1145/2370036.2145832},
 doi = {10.1145/2370036.2145832},
 acmid = {2145832},
 publisher = {ACM},
 address = {New York, NY, USA},
 keywords = {GPU, breadth-first search, cooperative allocation, graph algorithms, graph traversal, parallel algorithms, prefix sum, sparse graph},
} 
@inproceedings{sariyuce13,
author = {Sariy\"{u}ce, Ahmet Erdem and Kaya, Kamer and Saule, Erik and
\c{C}ataly\"{u}rek, \"{U}mit V.},
title = {{Betweenness Centrality on GPUs and Heterogeneous Architectures}},
booktitle = {{Proceedings of the 6th Workshop on General Purpose Processor
Using Graphics Processing Units}},
series = {GPGPU-6},
year = {2013},
isbn = {978-1-4503-2017-7},
location = {Houston, Texas},
pages = {76--85},
url = {http://doi.acm.org/10.1145/2458523.2458531},
doi = {10.1145/2458523.2458531},
acmid = {2458531},
publisher = {ACM},
address = {New York, NY, USA},
keywords = {GPUs, betweenness, graph compression, heterogeneous computing,
shared memory parallelism, virtual vertices},
}
@inproceedings{mendezlojo12,
author = {Mendez-Lojo, Mario and Burtscher, Martin and Pingali, Keshav},
title = {{A GPU Implementation of Inclusion-based Points-to Analysis}},
booktitle = {{Proceedings of the 17th ACM SIGPLAN Symposium on Principles and
Practice of Parallel Programming}},
series = {PPoPP '12},
year = {2012},
isbn = {978-1-4503-1160-1},
location = {New Orleans, Louisiana, USA},
pages = {107--116},
url = {http://doi.acm.org/10.1145/2145816.2145831},
doi = {10.1145/2145816.2145831},
acmid = {2145831},
publisher = {ACM},address = {New York, NY, USA},
keywords = {CUDA, GPU, graph algorithms, inclusion-based points-to analysis,
irregular programs},
} 
@inproceedings{DAVIDSON2014,
 author = {Davidson, Andrew and Baxter, Sean and Garland, Michael and Owens, John D.},
 title = {{Work-Efficient Parallel GPU Methods for Single-Source Shortest Paths}},
 booktitle = {Proceedings of the 2014 IEEE 28th International Parallel and Distributed Processing Symposium},
 series = {IPDPS '14},
 year = {2014},
 isbn = {978-1-4799-3800-1},
 pages = {349--359},
 url = {https://doi.org/10.1109/IPDPS.2014.45},
 doi = {10.1109/IPDPS.2014.45},
 acmid = {2650649},
 publisher = {IEEE Computer Society},
 address = {Washington, DC, USA},
 keywords = {GPU computing, graph traversal, single-source shortest paths, sparse graphs},
} 


@article{nasre13:MAG:2517327.2442531,author = {Nasre, Rupesh and Burtscher, Martin and Pingali, Keshav},
title = {{Morph Algorithms on GPUs}},
journal = {SIGPLAN Not.},
issue_date = {August 2013},
volume = {48},
number = {8},
month = feb,
year = {2013},
issn = {0362-1340},
pages = {147--156},
url = {http://doi.acm.org/10.1145/2517327.2442531},
doi = {10.1145/2517327.2442531},
acmid = {2442531},
publisher = {ACM},
address = {New York, NY, USA},
keywords = {boruvka, cuda, delaunay mesh refinement, gpu, graph algorithms,
irregular programs, minimum spanning tree, morph algorithms, points-to analysis,
survey propagation},
} 
@article{medusa2014,
author = {Zhong, Jianlong and He, Bingsheng},
title = {{Medusa: Simplified Graph Processing on GPUs}},
journal = {IEEE Trans. Parallel Distrib. Syst.},
issue_date = {June 2014},
volume = {25},
number = {6},
month = jun,
year = {2014},
issn = {1045-9219},
pages = {1543--1552},
url = {http://dx.doi.org/10.1109/TPDS.2013.111},doi = {10.1109/TPDS.2013.111},
acmid = {2707627},
publisher = {IEEE Press},
address = {Piscataway, NJ, USA},
} 

@article{Wang:2016:GHG:3016078.2851145,
 author = {Wang, Yangzihao and Davidson, Andrew and Pan, Yuechao and Wu, Yuduo and Riffel, Andy and Owens, John D.},
 title = {Gunrock: A High-performance Graph Processing Library on the GPU},
 journal = {SIGPLAN Not.},
 issue_date = {August 2016},
 volume = {51},
 number = {8},
 month = feb,
 year = {2016},
 issn = {0362-1340},
 pages = {11:1--11:12},
 articleno = {11},
 numpages = {12},
 url = {http://doi.acm.org/10.1145/3016078.2851145},
 doi = {10.1145/3016078.2851145},
 acmid = {2851145},
 publisher = {ACM},
 address = {New York, NY, USA},
}
 @inproceedings{Gharaibeh:2013:ECG:2535753.2535755,
author = {Gharaibeh, Abdullah and Santos-Neto, Elizeu and Costa, Lauro
Beltr\~{a}o and Ripeanu, Matei},
title = {{The Energy Case for Graph Processing on Hybrid CPU and GPU Systems}},
booktitle = {{Proceedings of the 3rd Workshop on Irregular Applications:
Architectures and Algorithms}},
series = {IA3 13},
year = {2013},
isbn = {978-1-4503-2503-5},
location = {Denver, Colorado},
pages = {2:1--2:8},
articleno = {2},
numpages = {8},
url = {http://doi.acm.org/10.1145/2535753.2535755},
doi = {10.1145/2535753.2535755},
acmid = {2535755},
publisher = {ACM},
address = {New York, NY, USA},
keywords = {GPUs, energy delay product, energy efficiency, graph processing,
graphics processing units, hybrid systems},
}
@inproceedings{Gharaibeh:2012:YOT:2370816.2370866,
author = {Gharaibeh, Abdullah and Beltr\~{a}o Costa, Lauro and Santos-Neto,
Elizeu and Ripeanu, Matei},
title = {{A Yoke of Oxen and a Thousand Chickens for Heavy Lifting Graph
Processing}},
booktitle = {{Proceedings of the 21st International Conference on Parallel
Architectures and Compilation Techniques}},
series = {PACT '12},
year = {2012},
isbn = {978-1-4503-1182-3},
location = {Minneapolis, Minnesota, USA},
pages = {345--354},
url = {http://doi.acm.org/10.1145/2370816.2370866},
doi = {10.1145/2370816.2370866},
acmid = {2370866},
publisher = {ACM},
address = {New York, NY, USA},
keywords = {breadth-first search, gpu, graph algorithms, heterogeneous systems,
pagerank, totem},
}
@inproceedings{Pai:2016:CTO:2983990.2984015,
 author = {Pai, Sreepathi and Pingali, Keshav},
 title = {A Compiler for Throughput Optimization of Graph Algorithms on GPUs},
 booktitle = {Proceedings of the 2016 ACM SIGPLAN International Conference on Object-Oriented Programming, Systems, Languages, and Applications},
 series = {OOPSLA 2016},
 year = {2016},
 isbn = {978-1-4503-4444-9},
 location = {Amsterdam, Netherlands},
 pages = {1--19},
 url = {http://doi.acm.org/10.1145/2983990.2984015},
 doi = {10.1145/2983990.2984015},
 acmid = {2984015},
 publisher = {ACM},
 address = {New York, NY, USA},
 keywords = {GPUs, Graph applications, amorphous data-parallelism, compilers, optimization, throughput},
}
@PHDTHESIS{Farzad2016,
title={High Performance Vertex-Centric Graph Analytics on GPUs},
year={2016},
author={Farzad Khorasani},
school = {University of California Riverside},
}
@inproceedings{Fu:2014:MHL:2621934.2621936,
 author = {Fu, Zhisong and Personick, Michael and Thompson, Bryan},
 title = {MapGraph: A High Level API for Fast Development of High Performance Graph Analytics on GPUs},
 booktitle = {Proceedings of Workshop on GRAph Data Management Experiences and Systems},
 series = {GRADES'14},
 year = {2014},
 isbn = {978-1-4503-2982-8},
 location = {Snowbird, UT, USA},
 pages = {2:1--2:6},
 articleno = {2},
 numpages = {6},
 url = {http://doi.acm.org/10.1145/2621934.2621936},
 doi = {10.1145/2621934.2621936},
 acmid = {2621936},
 publisher = {ACM},
 address = {New York, NY, USA},
 keywords = {GPU, Graph analytics, high-level API},
}
@inproceedings{Ragan-Kelley:2013:HLC:2491956.2462176,
 author = {Ragan-Kelley, Jonathan and Barnes, Connelly and Adams, Andrew and Paris, Sylvain and Durand, Fr{\'e}do and Amarasinghe, Saman},
 title = {Halide: A Language and Compiler for Optimizing Parallelism, Locality, and Recomputation in Image Processing Pipelines},
 booktitle = {Proceedings of the 34th ACM SIGPLAN Conference on Programming Language Design and Implementation},
 series = {PLDI '13},
 year = {2013},
 isbn = {978-1-4503-2014-6},
 location = {Seattle, Washington, USA},
 pages = {519--530},
 url = {http://doi.acm.org/10.1145/2491956.2462176},
 doi = {10.1145/2491956.2462176},
 acmid = {2462176},
 publisher = {ACM},
 address = {New York, NY, USA},
 keywords = {autotuning, compiler, domain specific language, gpu, image processing, locality, optimization, parallelism, redundant computation, vectorization},
}
@inproceedings{Kaleem:2014:AHS:2628071.2628088,
 author = {Kaleem, Rashid and Barik, Rajkishore and Shpeisman, Tatiana and Lewis, Brian T. and Hu, Chunling and Pingali, Keshav},
 title = {Adaptive Heterogeneous Scheduling for Integrated GPUs},
 booktitle = {Proceedings of the 23rd International Conference on Parallel Architectures and Compilation},
 series = {PACT '14},
 year = {2014},
 isbn = {978-1-4503-2809-8},
 location = {Edmonton, AB, Canada},
 pages = {151--162},
 url = {http://doi.acm.org/10.1145/2628071.2628088},
 doi = {10.1145/2628071.2628088},
 acmid = {2628088},
 publisher = {ACM},
 address = {New York, NY, USA},
 keywords = {heterogeneous computing, integrated gpus, irregular applications, load balancing, scheduling},
}
@inproceedings{Khorasani:2014:CVG:2600212.2600227,
 author = {Khorasani, Farzad and Vora, Keval and Gupta, Rajiv and Bhuyan, Laxmi N.},
 title = {CuSha: Vertex-centric Graph Processing on GPUs},
 booktitle = {Proceedings of the 23rd International Symposium on High-performance Parallel and Distributed Computing},
 series = {HPDC '14},
 year = {2014},
 isbn = {978-1-4503-2749-7},
 location = {Vancouver, BC, Canada},
 pages = {239--252},
 url = {http://doi.acm.org/10.1145/2600212.2600227},
 doi = {10.1145/2600212.2600227},
 acmid = {2600227},
 publisher = {ACM},
 address = {New York, NY, USA},
 keywords = {coalesced memory accesses, concatenated windows, g-shards, gpu, graph representation},
} 

@article{Lee:2009:OGC:1594835.1504194,
 author = {Lee, Seyong and Min, Seung-Jai and Eigenmann, Rudolf},
 title = {OpenMP to GPGPU: A Compiler Framework for Automatic Translation and Optimization},
 journal = {SIGPLAN Not.},
 issue_date = {April 2009},
 volume = {44},
 number = {4},
 month = feb,
 year = {2009},
 issn = {0362-1340},
 pages = {101--110},
 url = {http://doi.acm.org/10.1145/1594835.1504194},
 doi = {10.1145/1594835.1504194},
 acmid = {1504194},
 publisher = {ACM},
 address = {New York, NY, USA},
 keywords = {automatic translation, compiler optimization, cuda, gpu, openmp},
}
@INPROCEEDINGS{Feng5470477,
author={S. Xiao and W. c. Feng},
booktitle={2010 IEEE International Symposium on Parallel Distributed Processing (IPDPS)},
title={Inter-block GPU communication via fast barrier synchronization},
year={2010},
pages={1-12},
keywords={computer graphic equipment;computer graphics;coprocessors;synchronisation;CPU;bitonic sort;dynamic programming;fast Fourier transform;fast barrier synchronization;graphics processing units;inter-block GPU communication;Central Processing Unit;Clocks;Computer architecture;Computer science;Dynamic programming;Fast Fourier transforms;Graphics processing unit;Kernel;Synchronization},
doi={10.1109/IPDPS.2010.5470477},
ISSN={1530-2075},
month={April},
publisher={IEEE},
address = {USA},
}


@article{Low:2012:DGF:2212351.2212354,
 author = {Low, Yucheng and Bickson, Danny and Gonzalez, Joseph and Guestrin, Carlos and Kyrola, Aapo and Hellerstein, Joseph M.},
 title = {Distributed GraphLab: A Framework for Machine Learning and Data Mining in the Cloud},
 journal = {Proc. VLDB Endow.},
 issue_date = {April 2012},
 volume = {5},
 number = {8},
 month = apr,
 year = {2012},
 issn = {2150-8097},
 pages = {716--727},
 url = {http://dx.doi.org/10.14778/2212351.2212354},
 doi = {10.14778/2212351.2212354},
 acmid = {2212354},
 publisher = {VLDB Endowment},
} 
@inproceedings{Gonzalez:2012:PDG:2387880.2387883,
author = {Gonzalez, Joseph E. and Low, Yucheng and Gu, Haijie and Bickson,
Danny and Guestrin, Carlos},
title = {PowerGraph: Distributed Graph-parallel Computation on Natural Graphs},
booktitle = {Proceedings of the 10th USENIX Conference on Operating Systems
Design and Implementation},
series = {OSDI'12},
year = {2012},
isbn = {978-1-931971-96-6},location = {Hollywood, CA, USA},
pages = {17--30},
url = {http://dl.acm.org/citation.cfm?id=2387880.2387883},
acmid = {2387883},
publisher = {USENIX Association},
address = {Berkeley, CA, USA},
} 

@inproceedings{Malewicz:2010:PSL:1807167.1807184,
author = {Malewicz, Grzegorz and Austern, Matthew H. and Bik, Aart J.C and
Dehnert, James C. and Horn, Ilan and Leiser, Naty and Czajkowski, Grzegorz},
title = {Pregel: A System for Large-scale Graph Processing},
booktitle = {Proceedings of the 2010 ACM SIGMOD International Conference on
Management of Data},
series = {SIGMOD '10},
year = {2010},
isbn = {978-1-4503-0032-2},
location = {Indianapolis, Indiana, USA},
pages = {135--146},
url = {http://doi.acm.org/10.1145/1807167.1807184},
doi = {10.1145/1807167.1807184},acmid = {1807184},
publisher = {ACM},
address = {New York, NY, USA},
keywords = {distributed computing, graph algorigthms},
} 

@article{Ching:2015:OTE:2824032.2824077,
 author = {Ching, Avery and Edunov, Sergey and Kabiljo, Maja and Logothetis, Dionysios and Muthukrishnan, Sambavi},
 title = {One Trillion Edges: Graph Processing at Facebook-scale},
 journal = {Proc. VLDB Endow.},
 issue_date = {August 2015},
 volume = {8},
 number = {12},
 month = aug,
 year = {2015},
 issn = {2150-8097},
 pages = {1804--1815},
 url = {http://dx.doi.org/10.14778/2824032.2824077},
 doi = {10.14778/2824032.2824077},
 acmid = {2824077},
 publisher = {VLDB Endowment},
}
@inproceedings{Salihoglu:2013:GGP:2484838.2484843,
 author = {Salihoglu, Semih and Widom, Jennifer},
 title = {GPS: A Graph Processing System},
 booktitle = {Proceedings of the 25th International Conference on Scientific and Statistical Database Management},
 series = {SSDBM},
 year = {2013},
 isbn = {978-1-4503-1921-8},
 location = {Baltimore, Maryland, USA},
 pages = {22:1--22:12},
 articleno = {22},
 numpages = {12},
 url = {http://doi.acm.org/10.1145/2484838.2484843},
 doi = {10.1145/2484838.2484843},
 acmid = {2484843},
 publisher = {ACM},
 address = {New York, NY, USA},
} 
@inproceedings{Hong:2014:SSG:2581122.2544162,
author = {Hong, Sungpack and Salihoglu, Semih and Widom, Jennifer and
Olukotun, Kunle},
title = {{Simplifying Scalable Graph Processing with a Domain-Specific Language}},
booktitle = {{Proceedings of Annual IEEE/ACM International Symposium on Code
Generation and Optimization}},
series = {CGO '14},
year = {2014},
isbn = {978-1-4503-2670-4},
location = {Orlando, FL, USA},
pages = {208:208--208:218},
articleno = {208},
numpages = {11},
url = {http://doi.acm.org/10.1145/2544137.2544162},
doi = {10.1145/2544137.2544162},
acmid = {2544162},
publisher = {ACM},
address = {New York, NY, USA},
} 
@inproceedings{Khayyat:2013:MSD:2465351.2465369,
 author = {Khayyat, Zuhair and Awara, Karim and Alonazi, Amani and Jamjoom, Hani and Williams, Dan and Kalnis, Panos},
 title = {Mizan: A System for Dynamic Load Balancing in Large-scale Graph Processing},
 booktitle = {Proceedings of the 8th ACM European Conference on Computer Systems},
 series = {EuroSys '13},
 year = {2013},
 isbn = {978-1-4503-1994-2},
 location = {Prague, Czech Republic},
 pages = {169--182},
 url = {http://doi.acm.org/10.1145/2465351.2465369},
 doi = {10.1145/2465351.2465369},
 acmid = {2465369},
 publisher = {ACM},
 address = {New York, NY, USA},
} 
@article{Bu:2010:HEI:1920841.1920881,
 author = {Bu, Yingyi and Howe, Bill and Balazinska, Magdalena and Ernst, Michael D.},
 title = {HaLoop: Efficient Iterative Data Processing on Large Clusters},
 journal = {Proc. VLDB Endow.},
 issue_date = {September 2010},
 volume = {3},
 number = {1-2},
 month = sep,
 year = {2010},
 issn = {2150-8097},
 pages = {285--296},
 numpages = {12},
 url = {http://dx.doi.org/10.14778/1920841.1920881},
 doi = {10.14778/1920841.1920881},
 acmid = {1920881},
 publisher = {VLDB Endowment},
} 

@book{White:2009:HDG:1717298,
 author = {White, Tom},
 title = {Hadoop: The Definitive Guide},
 year = {2009},
 isbn = {0596521979, 9780596521974},
 edition = {1st},
 publisher = {O'Reilly Media, Inc.},
 address = {USA},
}
@inproceedings{Ekanayake:2010:TRI:1851476.1851593,
 author = {Ekanayake, Jaliya and Li, Hui and Zhang, Bingjing and Gunarathne, Thilina and Bae, Seung-Hee and Qiu, Judy and Fox, Geoffrey},
 title = {Twister: A Runtime for Iterative MapReduce},
 booktitle = {Proceedings of the 19th ACM International Symposium on High Performance Distributed Computing},
 series = {HPDC '10},
 year = {2010},
 isbn = {978-1-60558-942-8},
 location = {Chicago, Illinois},
 pages = {810--818},
 numpages = {9},
 url = {http://doi.acm.org/10.1145/1851476.1851593},
 doi = {10.1145/1851476.1851593},
 acmid = {1851593},
 publisher = {ACM},
 address = {New York, NY, USA},
 keywords = {MapReduce, cloud technologies, iterative algorithms},
} 
},
 publisher = {VLDB Endowment},
} 
@inproceedings{Kyrola:2012:GLG:2387880.2387884,
 author = {Kyrola, Aapo and Blelloch, Guy and Guestrin, Carlos},
 title = {GraphChi: Large-scale Graph Computation on Just a PC},
 booktitle = {Proceedings of the 10th USENIX Conference on Operating Systems Design and Implementation},
 series = {OSDI'12},
 year = {2012},
 isbn = {978-1-931971-96-6},
 location = {Hollywood, CA, USA},
 pages = {31--46},
 url = {http://dl.acm.org/citation.cfm?id=2387880.2387884},
 acmid = {2387884},
 publisher = {USENIX Association},
 address = {Berkeley, CA, USA},
} 
@article{falcon,
 author = {Cheramangalath, Unnikrishnan and Nasre, Rupesh and Srikant, Y. N.},
 title = {Falcon: A Graph Manipulation Language for Heterogeneous Systems},
 journal = {ACM Trans. Archit. Code Optim.},
 issue_date = {January 2016},
 volume = {12},
 number = {4},
 month = dec,
 year = {2015},
 issn = {1544-3566},
 pages = {54:1--54:27},
 articleno = {54},
 numpages = {27},
 url = {http://doi.acm.org/10.1145/2842618},
 doi = {10.1145/2842618},
 acmid = {2842618},
 publisher = {ACM},
 address = {New York, NY, USA},
 keywords = {CUDA, GPU, Graph manipulation languages, OpenMP, domain specific languages, local computation algorithms, morph algorithms, multi-core CPU},
} 
@misc{GasCL2013,
author={ E. Elsen and V. Vaidyanathan},
title={ A vertex-centric CUDA/C++ API for large graph analytics on GPUs using the gather-apply-scatter abstraction},
year={2013},
url={https://pdfs.semanticscholar.org/50c4/4441767190de1eea4ac34d4813af90236f1d.pdf}
}
@article{Valiant:1990:BMP:79173.79181,
 author = {Valiant, Leslie G.},
 title = {A Bridging Model for Parallel Computation},
 journal = {Commun. ACM},
 issue_date = {Aug. 1990},
 volume = {33},
 number = {8},
 month = aug,
 year = {1990},
 issn = {0001-0782},
 pages = {103--111},
 url = {http://doi.acm.org/10.1145/79173.79181},
 doi = {10.1145/79173.79181},
 acmid = {79181},
 publisher = {ACM},
 address = {New York, NY, USA},
}
@INPROCEEDINGS{dhfalcon, 
author={U. Cheramangalath and R. Nasre and Y. N. Srikant}, 
booktitle={2017 IEEE International Conference on Cluster Computing (CLUSTER)}, 
title={{DH-Falcon: A Language for Large-Scale Graph Processing on Distributed Heterogeneous Systems}}, 
year={2017}, 
volume={}, 
number={}, 
pages={439-450}, 
doi={10.1109/CLUSTER.2017.72}, 
ISSN={2168-9253}, 
month={Sept},
address = {USA},
publisher = {IEEE},
}

@inproceedings{lighthouse,
  title={{LightHouse: An Automatic Code Generator for Graph Algorithms on GPUs}},
  author={G. Shashidhar and Rupesh Nasre},
  booktitle={Languages and Compilers for Parallel Computing (LCPC)},
  year={2016},
  pages = {1-10},
  address = {USA},
  publisher = {IEEE},
}
%% UK- below are new references.
@inproceedings{Dathathri:2018:GCS:3192366.3192404,
 author = {Dathathri, Roshan and Gill, Gurbinder and Hoang, Loc and Dang, Hoang-Vu and Brooks, Alex and Dryden, Nikoli and Snir, Marc and Pingali, Keshav},
 title = {Gluon: A Communication-optimizing Substrate for Distributed Heterogeneous Graph Analytics},
 booktitle = {Proceedings of the 39th ACM SIGPLAN Conference on Programming Language Design and Implementation},
 series = {PLDI 2018},
 year = {2018},
 isbn = {978-1-4503-5698-5},
 location = {Philadelphia, PA, USA},
 pages = {752--768},
 url = {http://doi.acm.org/10.1145/3192366.3192404},
 doi = {10.1145/3192366.3192404},
 acmid = {3192404},
 publisher = {ACM},
 address = {New York, NY, USA},
 keywords = {Distributed-memory graph analytics, GPUs, big data, communication optimizations, heterogeneous architectures},
} 
@inproceedings{Zhu:2016:GCD:3026877.3026901,
 author = {Zhu, Xiaowei and Chen, Wenguang and Zheng, Weimin and Ma, Xiaosong},
 title = {Gemini: A Computation-centric Distributed Graph Processing System},
 booktitle = {Proceedings of the 12th USENIX Conference on Operating Systems Design and Implementation},
 series = {OSDI'16},
 year = {2016},
 isbn = {978-1-931971-33-1},
 location = {Savannah, GA, USA},
 pages = {301--316},
 url = {http://dl.acm.org/citation.cfm?id=3026877.3026901},
 acmid = {3026901},
 publisher = {USENIX Association},
 address = {Berkeley, CA, USA},
} 
@article{meyer03,
 author = {Meyer, U. and Sanders, P.},
 title = {\&\#x0394;-stepping: A Parallelizable Shortest Path Algorithm},
 journal = {J. Algorithms},
 issue_date = {1 October 2003},
 volume = {49},
 number = {1},
 month = oct,
 year = {2003},
 issn = {0196-6774},
 pages = {114--152},
 url = {http://dx.doi.org/10.1016/S0196-6774(03)00076-2},
 doi = {10.1016/S0196-6774(03)00076-2},
 acmid = {958940},
 publisher = {Academic Press, Inc.},
 address = {Duluth, MN, USA},
} 


